% This file was created with JabRef 2.3b2.
% Encoding: Cp1252
@article{hinton2006reducing,
  title={Reducing the dimensionality of data with neural networks},
  author={Hinton, Geoffrey E and Salakhutdinov, Ruslan R},
  journal={science},
  volume={313},
  number={5786},
  pages={504--507},
  year={2006},
  publisher={American Association for the Advancement of Science}
}
@article{maddison2016concrete,
  title={The concrete distribution: A continuous relaxation of discrete random variables},
  author={Maddison, Chris J and Mnih, Andriy and Teh, Yee Whye},
  journal={arXiv preprint arXiv:1611.00712},
  year={2016}
}
@article{jang2016categorical,
  title={Categorical reparameterization with gumbel-softmax},
  author={Jang, Eric and Gu, Shixiang and Poole, Ben},
  journal={arXiv preprint arXiv:1611.01144},
  year={2016}
}
@article{kingma2013auto,
  title={Auto-encoding variational bayes},
  author={Kingma, Diederik P and Welling, Max},
  journal={arXiv preprint arXiv:1312.6114},
  year={2013}
}
@article{harrow2006gencode,
  title={GENCODE: producing a reference annotation for ENCODE},
  author={Harrow, Jennifer and Denoeud, France and Frankish, Adam and Reymond, Alexandre and Chen, Chao-Kung and Chrast, Jacqueline and Lagarde, Julien and Gilbert, James GR and Storey, Roy and Swarbreck, David and others},
  journal={Genome biology},
  volume={7},
  number={1},
  pages={S4},
  year={2006},
  publisher={BioMed Central}
}
@article{pirgazi2019efficient,
  title={An Efficient hybrid filter-wrapper metaheuristic-based gene selection method for high dimensional datasets},
  author={Pirgazi, Jamshid and Alimoradi, Mohsen and Abharian, Tahereh Esmaeili and Olyaee, Mohammad Hossein},
  journal={Scientific Reports},
  volume={9},
  number={1},
  pages={1--15},
  year={2019},
  publisher={Nature Publishing Group}
}
@book{liu2012feature,
  title={Feature selection for knowledge discovery and data mining},
  author={Liu, Huan and Motoda, Hiroshi},
  volume={454},
  year={2012},
  publisher={Springer Science \& Business Media}
}
@article{liang2018review,
  title={A review of matched-pairs feature selection methods for gene expression data analysis},
  author={Liang, Sen and Ma, Anjun and Yang, Sen and Wang, Yan and Ma, Qin},
  journal={Computational and structural biotechnology journal},
  volume={16},
  pages={88--97},
  year={2018},
  publisher={Elsevier}
}
@article{sun2018cross,
  title={The cross-entropy based multi-filter ensemble method for gene selection},
  author={Sun, Yingqiang and Lu, Chengbo and Li, Xiaobo},
  journal={Genes},
  volume={9},
  number={5},
  pages={258},
  year={2018},
  publisher={Multidisciplinary Digital Publishing Institute}
}
@book{speed2003statistical,
  title={Statistical analysis of gene expression microarray data},
  author={Speed, Terry},
  year={2003},
  publisher={Chapman and Hall/CRC}
}
@article{ding2005minimum,
  title={Minimum redundancy feature selection from microarray gene expression data},
  author={Ding, Chris and Peng, Hanchuan},
  journal={Journal of bioinformatics and computational biology},
  volume={3},
  number={02},
  pages={185--205},
  year={2005},
  publisher={World Scientific}
}

@article{ding2015identification,
  title={Identification of mitochondrial proteins of malaria parasite using analysis of variance},
  author={Ding, Hui and Li, Dongmei},
  journal={Amino acids},
  volume={47},
  number={2},
  pages={329--333},
  year={2015},
  publisher={Springer}
}

@article{jeong2018feature,
  title={A feature selection approach based on simulated annealing for detecting various denial of service attacks},
  author={Jeong, In-Seon and Kim, Hong-Ki and Kim, Tae-Hee and Lee, Dong Hwi and Kim, Kuinam J and Kang, Seung-Ho},
  journal={Software Networking},
  volume={2018},
  number={1},
  pages={173--190},
  year={2018},
  publisher={River Publishers}
}
@article{xue2012particle,
  title={Particle swarm optimization for feature selection in classification: A multi-objective approach},
  author={Xue, Bing and Zhang, Mengjie and Browne, Will N},
  journal={IEEE transactions on cybernetics},
  volume={43},
  number={6},
  pages={1656--1671},
  year={2012},
  publisher={IEEE}
}
@article{wu2011feature,
  title={Feature selection using genetic algorithm and cluster validation},
  author={Wu, Yi-Leh and Tang, Cheng-Yuan and Hor, Maw-Kae and Wu, Pei-Fen},
  journal={Expert Systems with Applications},
  volume={38},
  number={3},
  pages={2727--2732},
  year={2011},
  publisher={Elsevier}
}
@article{kabir2012new,
  title={A new hybrid ant colony optimization algorithm for feature selection},
  author={Kabir, Md Monirul and Shahjahan, Md and Murase, Kazuyuki},
  journal={Expert Systems with Applications},
  volume={39},
  number={3},
  pages={3747--3763},
  year={2012},
  publisher={Elsevier}
}
@article{abdullah2019,
  title={Feature Selection and Classification Reveal Key lncRNAs for Multiple Cancers },
  author={Abdullah, Al Mamun, Ananda, Mondal},
  booktitle={2019 IEEE International Conference on Bioinformatics and Biomedicine (BIBM)},
  year={2019},
  organization={IEEE}
}
@article{guyon2002gene,
  title={Gene selection for cancer classification using support vector machines},
  author={Guyon, Isabelle and Weston, Jason and Barnhill, Stephen and Vapnik, Vladimir},
  journal={Machine learning},
  volume={46},
  number={1-3},
  pages={389--422},
  year={2002},
  publisher={Springer}
}
@article{ram2017classification,
  title={Classification and biomarker genes selection for cancer gene expression data using random forest},
  author={Ram, Malihe and Najafi, Ali and Shakeri, Mohammad Taghi},
  journal={Iranian journal of pathology},
  volume={12},
  number={4},
  pages={339},
  year={2017},
  publisher={Iranian Society of Pathology}
}
@article{wang2012adaboost,
  title={AdaBoost for feature selection, classification and its relation with SVM, a review},
  author={Wang, Ruihu},
  journal={Physics Procedia},
  volume={25},
  pages={800--807},
  year={2012},
  publisher={Elsevier}
}
@article{pouyan2018random,
  title={Random forest based similarity learning for single cell RNA sequencing data},
  author={Pouyan, Maziyar Baran and Kostka, Dennis},
  journal={Bioinformatics},
  volume={34},
  number={13},
  pages={i79--i88},
  year={2018},
  publisher={Oxford University Press}
}
@article{fang2019tightly,
  title={Tightly integrated genomic and epigenomic data mining using tensor decomposition},
  author={Fang, Jianwen},
  journal={Bioinformatics},
  volume={35},
  number={1},
  pages={112--118},
  year={2019},
  publisher={Oxford University Press}
}
@article{rau2019exploring,
  title={Exploring drivers of gene expression in the Cancer Genome Atlas},
  author={Rau, Andrea and Flister, Michael and Rui, Hallgeir and Auer, Paul L},
  journal={Bioinformatics},
  volume={35},
  number={1},
  pages={62--68},
  year={2019},
  publisher={Oxford University Press}
}
@article{chen2019feature,
  title={Feature selection may improve deep neural networks for the bioinformatics problems},
  author={Chen, Zheng and Pang, Meng and Zhao, Zixin and Li, Shuainan and Miao, Rui and Zhang, Yifan and Feng, Xiaoyue and Feng, Xin and Zhang, Yexian and Duan, Meiyu and others},
  journal={Bioinformatics},
  year={2019}
}
@article{le2019statistical,
  title={Statistical inference Relief (STIR) feature selection},
  author={Le, Trang T and Urbanowicz, Ryan J and Moore, Jason H and McKinney, Brett A},
  journal={Bioinformatics},
  volume={35},
  number={8},
  pages={1358--1365},
  year={2019},
  publisher={Oxford University Press}
}
@article{lu2019autoencoder,
  title={Autoencoder based feature selection method for classification of anticancer drug response},
  author={Lu, Xiaolu and Gu, Hong and Wang, Yang and Wang, Jia and Qin, Pan},
  journal={Frontiers in genetics},
  volume={10},
  pages={233},
  year={2019},
  publisher={Frontiers}
}
@article{tibshirani1996regression,
  title={Regression shrinkage and selection via the lasso},
  author={Tibshirani, Robert},
  journal={Journal of the Royal Statistical Society: Series B (Methodological)},
  volume={58},
  number={1},
  pages={267--288},
  year={1996},
  publisher={Wiley Online Library}
}
@article{hotelling1933analysis,
  title={Analysis of a complex of statistical variables into principal components.},
  author={Hotelling, Harold},
  journal={Journal of educational psychology},
  volume={24},
  number={6},
  pages={417},
  year={1933},
  publisher={Warwick \& York}
}
@article{hinton2006reducing,
  title={Reducing the dimensionality of data with neural networks},
  author={Hinton, Geoffrey E and Salakhutdinov, Ruslan R},
  journal={science},
  volume={313},
  number={5786},
  pages={504--507},
  year={2006},
  publisher={American Association for the Advancement of Science}
}
@article{abid2019concrete,
  title={Concrete autoencoders for differentiable feature selection and reconstruction},
  author={Abid, Abubakar and Balin, Muhammad Fatih and Zou, James},
  journal={arXiv preprint arXiv:1901.09346},
  year={2019}
}
@article{maddison2016concrete,
  title={The concrete distribution: A continuous relaxation of discrete random variables},
  author={Maddison, Chris J and Mnih, Andriy and Teh, Yee Whye},
  journal={arXiv preprint arXiv:1611.00712},
  year={2016}
}
@article{kingma2013auto,
  title={Auto-encoding variational bayes},
  author={Kingma, Diederik P and Welling, Max},
  journal={arXiv preprint arXiv:1312.6114},
  year={2013}
}
@article{maaten2008visualizing,
  title={Visualizing data using t-SNE},
  author={Maaten, Laurens van der and Hinton, Geoffrey},
  journal={Journal of machine learning research},
  volume={9},
  number={Nov},
  pages={2579--2605},
  year={2008}
}
@article{li2015tanric,
  title={TANRIC: an interactive open platform to explore the function of lncRNAs in cancer},
  author={Li, Jun and Han, Leng and Roebuck, Paul and Diao, Lixia and Liu, Lingxiang and Yuan, Yuan and Weinstein, John N and Liang, Han},
  journal={Cancer research},
  volume={75},
  number={18},
  pages={3728--3737},
  year={2015},
  publisher={AACR}
}
@misc{chollet2015keras,
  title={Keras},
  author={Chollet, Fran\c{c}ois and others},
  year={2015},
  publisher={GitHub},
  howpublished={\url{https://github.com/fchollet/keras}},
}
@misc{tensorflow2015-whitepaper,
title={ {TensorFlow}: Large-Scale Machine Learning on Heterogeneous Systems},
url={https://www.tensorflow.org/},
note={Software available from tensorflow.org},
author={
    Mart\'{\i}n~Abadi and
    Ashish~Agarwal and
    Paul~Barham and
    Eugene~Brevdo and
    Zhifeng~Chen and
    Craig~Citro and
    Greg~S.~Corrado and
    Andy~Davis and
    Jeffrey~Dean and
    Matthieu~Devin and
    Sanjay~Ghemawat and
    Ian~Goodfellow and
    Andrew~Harp and
    Geoffrey~Irving and
    Michael~Isard and
    Yangqing Jia and
    Rafal~Jozefowicz and
    Lukasz~Kaiser and
    Manjunath~Kudlur and
    Josh~Levenberg and
    Dandelion~Man\'{e} and
    Rajat~Monga and
    Sherry~Moore and
    Derek~Murray and
    Chris~Olah and
    Mike~Schuster and
    Jonathon~Shlens and
    Benoit~Steiner and
    Ilya~Sutskever and
    Kunal~Talwar and
    Paul~Tucker and
    Vincent~Vanhoucke and
    Vijay~Vasudevan and
    Fernanda~Vi\'{e}gas and
    Oriol~Vinyals and
    Pete~Warden and
    Martin~Wattenberg and
    Martin~Wicke and
    Yuan~Yu and
    Xiaoqiang~Zheng},
  year={2015},
}
@article{scikit-learn,
 title={Scikit-learn: Machine Learning in {P}ython},
 author={Pedregosa, F. and Varoquaux, G. and Gramfort, A. and Michel, V.
         and Thirion, B. and Grisel, O. and Blondel, M. and Prettenhofer, P.
         and Weiss, R. and Dubourg, V. and Vanderplas, J. and Passos, A. and
         Cournapeau, D. and Brucher, M. and Perrot, M. and Duchesnay, E.},
 journal={Journal of Machine Learning Research},
 volume={12},
 pages={2825--2830},
 year={2011}
}
@article{gumbel1954statistical,
  title={Statistical theory of extreme values and some practical applications},
  author={Gumbel, Emil Julius},
  journal={NBS Applied Mathematics Series},
  volume={33},
  year={1954},
  publisher={US Department of Commerce}
}
@comment{jabref-meta: selector_publisher:}

@comment{jabref-meta: selector_author:}

@comment{jabref-meta: selector_journal:}

@comment{jabref-meta: selector_keywords:}